@ARTICLE{heliolinc,
   author = {{Holman}, M.~J. and {Payne}, M.~J. and {Blankley}, P. and {Janssen}, R. and 
	{Kuindersma}, S.},
    title = "{HelioLinC: A Novel Approach to the Minor Planet Linking Problem}",
  journal = {\aj},
 keywords = {astrometry, celestial mechanics, ephemerides, minor planets, asteroids: general},
     year = 2018,
    month = sep,
   volume = 156,
      eid = {135},
    pages = {135},
      doi = {10.3847/1538-3881/aad69a},
   adsurl = {https://ui.adsabs.harvard.edu/abs/2018AJ....156..135H},
  adsnote = {Provided by the SAO/NASA Astrophysics Data System}
}
